@online{john_napier_wiki,
title = {Slide rule},
year = {2021},
url ={https://en.wikipedia.org/wiki/Slide_rule},
note = {Last accessed March 11, 2016}
}
